@article{Li_2024,
	title={Diastereo- and Enantioselective Construction of Stereochemical Arrays Exploiting Non‚ÄêClassical Hydrogen Bonding in Enolborates},
	volume={30},
	ISSN={1521-3765},
	url={http://dx.doi.org/10.1002/chem.202401485},
	DOI={10.1002/chem.202401485},
	number={46},
	journal={Chem. Eur. J.},
	publisher={Wiley},
	author={Li, Matthew and Scheeff, Stephan and Chen, Jiahua and Johnston, Ryne C. and Rizzo, Antonio and Krenske, Elizabeth H. and Chiu, Pauline},
	year={2024},
	month={jul}
	},
@article{Watson_2023,
	title={Comment on the Definition and Labeling of p$K_{50}$},
	volume={63},
	ISSN={1549-960X},
	url={http://dx.doi.org/10.1021/acs.jcim.3c01210},
	DOI={10.1021/acs.jcim.3c01210},
	number={17},
	journal={J. Chem. Inf. Model.},
	publisher={American Chemical Society (ACS)},
	author={Watson, Mark A. and Johnston, Ryne C. and Bochevarov, Art},
	year={2023},
	month={aug},
	pages={5396-5399}
	},
@article{Johnston_2023,
	title={Epik: p$K_a$ and Protonation State Prediction through Machine Learning},
	volume={19},
	ISSN={1549-9626},
	url={http://dx.doi.org/10.1021/acs.jctc.3c00044},
	DOI={10.1021/acs.jctc.3c00044},
	number={8},
	journal={J. Comp. Theory Comput.},
	publisher={American Chemical Society (ACS)},
	author={Johnston, Ryne C. and Yao, Kun and Kaplan, Zachary and Chelliah, Monica and Leswing, Karl and Seekins, Sean and Watts, Shawn and Calkins, David and Chief Elk, Jackson and Jerome, Steven V. and Repasky, Matthew P. and Shelley, John C.},
	year={2023},
	month={apr},
	pages={2380-2388}
	},
@article{Lian_2021,
	doi = {10.1021/acs.jpca.1c04014},
 	url = {https://doi.org/10.1021/acs.jpca.1c04014},
 	year = 2021,
	month = {jun},
 	publisher = {American Chemical Society ({ACS})},
 	volume = {125},
 	number = {24},
 	pages = {5397-5405},
 	author = {Peng Lian and Zhongyu Mou and Connor J. Cooper and Ryne C. Johnston and Scott C. Brooks and Baohua Gu and Niranjan Govind and Sofi Jonsson and Jerry M. Parks},
 	title = {Mechanistic Investigation of Dimethylmercury Formation Mediated by a Sulfide Mineral Surface},
 	journal = {J. Phys. Chem. A}
	},
@article{Cooper_2020,
	doi = {10.1021/acssuschemeng.0c01970},
 	url = {https://doi.org/10.1021/acssuschemeng.0c01970},
 	year = 2020,
	month = {apr},
 	publisher = {American Chemical Society ({ACS})},
 	volume = {8},
 	number = {18},
 	pages = {7225-7234},
 	author = {Connor J. Cooper and Shahrina Alam and Vincent de Paul N. Nziko and Ryne C. Johnston and Alexander S. Ivanov and Zhongyu Mou and David B. Turpin and Alan W. Rudie and Thomas J. Elder and Joseph J. Bozell and Jerry M. Parks},
 	title = {Co(salen)-Catalyzed Oxidation of Lignin Models to Form Benzoquinones and Benzaldehydes: A Computational and Experimental Study},
 	journal = {{ACS} Sustain. Chem. Eng.}
	},
@article{Dajnowicz_2018,
	doi = {10.1021/acscatal.8b01911},
 	url = {https://doi.org/10.1021/acscatal.8b01911},
 	year = 2018,
	month = {jun},
 	publisher = {American Chemical Society ({ACS})},
 	volume = {8},
 	number = {7},
 	pages = {6733-6737},
 	author = {Steven Dajnowicz and Jerry M. Parks and Xiche Hu and Ryne C. Johnston and Andrey Y. Kovalevsky and Timothy C. Mueser},
 	title = {Hyperconjugation Promotes Catalysis in a Pyridoxal 5$\prime$-Phosphate-Dependent Enzyme},
 	journal = {{ACS} Catalysis}
	},
@article{Lian_2018,
	doi = {10.1021/acs.jpca.8b01751},
 	url = {https://doi.org/10.1021/acs.jpca.8b01751},
 	year = 2018,
	month = {apr},
 	publisher = {American Chemical Society ({ACS})},
 	volume = {122},
 	number = {17},
 	pages = {4366-4374},
 	author = {Peng Lian and Ryne C. Johnston and Jerry M. Parks and Jeremy C. Smith},
 	title = {Quantum Chemical Calculation of p$K_a$s of Environmentally Relevant Functional Groups: Carboxylic Acids, Amines, and Thiols in Aqueous Solution},
 	journal = {J. Phys. Chem. A}
	},
@article{Lombard_2018,
	doi = {10.1039/c7ob02123b},
 	url = {https://doi.org/10.1039/c7ob02123b},
 	year = 2018,
	publisher = {Royal Society of Chemistry ({RSC})},
 	author = {Fanny J. Lombard and Romain J. Lepage and Brett D. Schwartz and Ryne C. Johnston and Peter C. Healy and Elizabeth H. Krenske and Mark J. Coster},
 	title = {Synthesis of spirocyclic orthoesters by `anomalous' rhodium(ii)-catalysed intramolecular C{\textendash}H insertions},
 	journal = {Org. Biomol. Chem.}
	},
@article{Dajnowicz_2017,
	title={Direct visualization of critical hydrogen atoms in a pyridoxal 5'-phosphate enzyme},
	volume={8},
	ISSN={2041-1723},
	url={http://dx.doi.org/10.1038/s41467-017-01060-y},
	DOI={10.1038/s41467-017-01060-y},
	number={1},
	journal={Nature Commun.},
	publisher={Springer Science and Business Media LLC},
	author={Dajnowicz, Steven and Johnston, Ryne C. and Parks, Jerry M. and Blakeley, Matthew P. and Keen, David A. and Weiss, Kevin L. and Gerlits, Oksana and Kovalevsky, Andrey and Mueser, Timothy C.},
	year={2017},
	month=oct }
	,
@article{West_2017,
	doi = {10.1021/jacs.6b11851},
 	url = {https://doi.org/10.1021/jacs.6b11851},
 	year = 2017,
	month = {mar},
 	publisher = {American Chemical Society ({ACS})},
 	volume = {139},
 	number = {12},
 	pages = {4366-4375},
 	author = {Thomas H. West and Daniel M. Walden and James E. Taylor and Alexander C. Brueckner and Ryne C. Johnston and Paul Ha-Yeon Cheong and Guy C. Lloyd-Jones and Andrew D. Smith},
 	title = {Catalytic Enantioselective [2,3]-Rearrangements of Allylic Ammonium Ylides: A Mechanistic and Computational Study},
 	journal = {J. Am. Chem. Soc.}
	},
@article{Walden_2017,
 	doi = {10.1021/acs.joc.7b00697},
	author= {Walden, Daniel M. and Jaworski, Ashley A. and Johnston, Ryne C. and Hovey, M. Todd and Baker, Hannah V. and Meyer, Matthew P. and Scheidt, Karl A and Cheong, Paul Ha-Yeon},
	title= {Formation of Aza-ortho-quinone Methides Under Room Temperature Conditions: Cs$_2$CO$_3$ Effect},
	journal= {J. Org. Chem.},
	volume= {82},
	number= {14},
	pages= {7183-7189},
	year= {2017},
	doi= {10.1021/acs.joc.7b00697},
	URL= {http://dx.doi.org/10.1021/acs.joc.7b00697},
	eprint= {http://dx.doi.org/10.1021/acs.joc.7b00697}
	},
@article{Johnston_2016,
	doi = {10.1021/acs.jpcb.6b02701},
	url = {http://dx.doi.org/10.1021/acs.jpcb.6b02701},
	year = 2016,
	month = {aug},
	publisher = {American Chemical Society ({ACS})},
	volume = {120},
	number = {30},
	pages = {7307-7318},
	author = {Ryne C. Johnston and Jing Zhou and Jeremy C. Smith and Jerry M. Parks},
	title = {Toward Quantitatively Accurate Calculation of the Redox-Associated Acid{\textendash}Base and Ligand Binding Equilibria of Aquacobalamin},
	journal = {J. Phys. Chem. B},
	},
@article{Walden_2016,
	doi = {10.1021/acs.accounts.6b00204},
	url = {http://dx.doi.org/10.1021/acs.accounts.6b00204},
	year = 2016,
	month = {jun},
	publisher = {American Chemical Society ({ACS})},
	author = {Daniel M. Walden and O. Maduka Ogba and Ryne C. Johnston and Paul Ha-Yeon Cheong},
	title = {Computational Insights into the Central Role of Nonbonding Interactions in Modern Covalent Organocatalysis},
	journal = {Acc. Chem. Res.}
	},
@article{Kang_2016,
	doi = {10.1021/acs.joc.6b00280},
	url = {http://dx.doi.org/10.1021/acs.joc.6b00280},
	year = 2016,
	month = {may},
	publisher = {American Chemical Society ({ACS})},
	volume = {81},
	number = {9},
	pages = {3629-3637},
	author = {Jun Yong Kang and Ryne C. Johnston and Kevin M. Snyder and Paul Ha-Yeon Cheong and Rich G. Carter},
	title = {Construction of Stereogenic $\alpha$,$\alpha$-Disubstituted Cycloalkanones via 1{\textdegree} Amine Thiourea Dual Catalysis: Experimental Scope and Computational Analyses},
	journal = {J. Org. Chem.}
	},
@article{Chen_2016,
	doi = {10.1021/acs.estlett.6b00460},
	url = {http://dx.doi.org/10.1021/acs.estlett.6b00460},
	year = 2016,
	month = {dec},
	publisher = {American Chemical Society ({ACS})},
	author = {Hongmei Chen and Ryne C. Johnston and Benjamin Mann and Rosalie K. Chu and Nikola Toli{\'{c}} and Jerry Matthew Parks and Baohua Gu},
	title = {Identification of mercury and dissolved organic matter complexes using ultra-high resolution mass spectrometry},
	journal = {Environ. Sci. Technol. Lett.}
	},
@article{Wang_2015,
	doi = {10.1021/jacs.5b02561},
	url = {http://dx.doi.org/10.1021/jacs.5b02561},
	year = 2015,
	month = {apr},
	publisher = {American Chemical Society ({ACS})},
	volume = {137},
	number = {16},
	pages = {5596-5601},
	author = {Xiao-Na Wang and Elizabeth H. Krenske and Ryne C. Johnston and K. N. Houk and Richard P. Hsung},
	title = {AlCl$_3$ Catalyzed Ring Expansion Cascades of Bicyclic Cyclobutenamides Involving Highly Strained Cis, Trans- Cycloheptadienone Intermediates},
	journal = {J. Am. Chem. Soc.}
	},
@article{Challinor_2015,
	doi = {10.1039/c5sc02056e},
	url = {http://dx.doi.org/10.1039/c5sc02056e},
	year = 2015,
	publisher = {Royal Society of Chemistry ({RSC})},
	author = {Victoria L. Challinor and Ryne C. Johnston and Paul V. Bernhardt and Reginald P. Lehmann and Elizabeth H. Krenske and James J. De Voss},
	title = {Biosynthetic insights provided by unusual sesterterpenes from the medicinal herb $Aletris farinosa$},
	journal = {Chem. Sci.}
	},
@article{Cohen_2015,
	doi = {10.1039/c4cc09308a},
	url = {http://dx.doi.org/10.1039/c4cc09308a},
	year = 2015,
	publisher = {Royal Society of Chemistry ({RSC})},
	volume = {51},
	number = {13},
	pages = {2690-2693},
	author = {Daniel T. Cohen and Ryne C. Johnston and Nicholas T. Rosson and Paul Ha-Yeon Cheong and Karl A. Scheidt},
	title = {Functionalized cyclopentenes through a tandem {NHC}-catalyzed dynamic kinetic resolution and ambient temperature decarboxylation: mechanistic insight and synthetic application},
	journal = {Chem. Commun.}
	},
@article{Wang_2014,
	doi = {10.1021/ja502252t},
	url = {http://dx.doi.org/10.1021/ja502252t},
	year = 2014,
	month = {jul},
	publisher = {American Chemical Society ({ACS})},
	volume = {136},
	number = {28},
	pages = {9802-9805},
	author = {Xiao-Na Wang and Elizabeth H. Krenske and Ryne C. Johnston and K. N. Houk and Richard P. Hsung},
	title = { Torquoselective Ring Opening of Fused Cyclobutenamides: Evidence for a Cis,Trans -Cyclooctadienone Intermediate },
	journal = {J. Am. Chem. Soc.}
	},
@article{Jang_2014,
	doi = {10.1021/ja410932t},
	url = {http://dx.doi.org/10.1021/ja410932t},
	year = 2014,
	month = {jan},
	publisher = {American Chemical Society ({ACS})},
	volume = {136},
	number = {1},
	pages = {76-79},
	author = {Ki Po Jang and Gerri E. Hutson and Ryne C. Johnston and Elizabeth O. McCusker and Paul H.-Y. Cheong and Karl A. Scheidt},
	title = { Asymmetric Homoenolate Additions to Acyl Phosphonates through Rational Design of a Tailored N -Heterocyclic Carbene Catalyst },
	journal = {J. Am. Chem. Soc.}
	},
@article{Gould_2014,
	doi = {10.1039/c4sc00879k},
	url = {http://dx.doi.org/10.1039/c4sc00879k},
	year = 2014,
	publisher = {Royal Society of Chemistry ({RSC})},
	volume = {5},
	number = {9},
	pages = {3651},
	author = {Eoin Gould and Daniel M. Walden and Kevin Kasten and Ryne C. Johnston and Jiufeng Wu and Alexandra M. Z. Slawin and Thomas J. L. Mustard and Brittany Johnston and Tony Davies and Paul Ha-Yeon Cheong and Andrew D. Smith},
	title = {Catalyst selective and regiodivergent O- to C- or N-carboxyl transfer of pyrazolyl carbonates: synthetic and computational studies},
	journal = {Chem. Sci.}
	},
@article{Johnston_2014,
	doi = {10.1039/c4sc00317a},
	url = {http://dx.doi.org/10.1039/c4sc00317a},
	year = 2014,
	publisher = {Royal Society of Chemistry ({RSC})},
	volume = {5},
	number = {5},
	pages = {1974},
	author = {Ryne C. Johnston and Daniel T. Cohen and Chad C. Eichman and Karl A. Scheidt and Paul Ha-Yeon Cheong},
	title = {Catalytic kinetic resolution of a dynamic racemate: highly stereoselective $\upbeta$-lactone formation by N-heterocyclic carbene catalysis},
	journal = {Chem. Sci.}
	},
@article{Johnston_2013,
	doi = {10.1039/c3ob40828k},
	url = {http://dx.doi.org/10.1039/c3ob40828k},
	year = 2013,
	publisher = {Royal Society of Chemistry ({RSC})},
	volume = {11},
	number = {31},
	pages = {5057},
	author = {Ryne C. Johnston and Paul Ha-Yeon Cheong},
	title = {C-H---O non-classical hydrogen bonding in the stereomechanics of organic transformations: theory and recognition},
	journal = {Org. Biomol. Chem.}
	},
@article{Pierce_2012,
	doi = {10.1021/ja3018219},
	url = {http://dx.doi.org/10.1021/ja3018219},
	year = 2012,
	month = {aug},
	publisher = {American Chemical Society ({ACS})},
	volume = {134},
	number = {33},
	pages = {13624-13631},
	author = {Matthew D. Pierce and Ryne C. Johnston and Subham Mahapatra and Hua Yang and Rich G. Carter and Paul Ha-Yeon Cheong},
	title = {Mechanism and Stereoselectivity of a Dual Amino-Catalyzed Robinson Annulation: Rare Duumvirate Stereocontrol},
	journal = {J. Am. Chem. Soc.}
	},
@article{McGarraugh_2012,
	doi = {10.1002/chem.201104029},
	url = {http://dx.doi.org/10.1002/chem.201104029},
	year = 2012,
	month = {jul},
	publisher = {Wiley-Blackwell},
	volume = {18},
	number = {34},
	pages = {10742-10752},
	author = {Patrick G. McGarraugh and Ryne C. Johnston and Aurora Mart{\'{\i}}nez-Mu{\~{n}}oz and Paul Ha-Yeon Cheong and Stacey E. Brenner-Moyer},
	title = {Organocatalytic Kinetic Resolution Cascade Reactions: New Mechanistic and Stereochemical Manifold in Diphenyl Prolinol Silyl Ether Catalysis},
	journal = {Chem. Eur. J.}
	},
@article{McIntosh_2012,
	doi = {10.1021/jo202467k},
	url = {http://dx.doi.org/10.1021/jo202467k},
	year = 2012,
	month = {jan},
	publisher = {American Chemical Society ({ACS})},
	volume = {77},
	number = {2},
	pages = {1101-1112},
	author = {Melissa L. McIntosh and Ryne C. Johnston and Ommidala Pattawong and Bradley O. Ashburn and Michael R. Naffziger and Paul Ha-Yeon Cheong and Rich G. Carter},
	title = { Synthesis and Computational Analysis of Densely Functionalized Triazoles Using o -Nitrophenylalkynes },
	journal = {J. Org. Chem.}
	},
@article{Pattawong_2012,
	doi = {10.1002/ange.201208417},
	url = {http://dx.doi.org/10.1002/ange.201208417},
	year = 2012,
	month = {dec},
	publisher = {Wiley-Blackwell},
	volume = {125},
	number = {5},
	pages = {1460-1463},
	author = {Ommidala Pattawong and Thomas J. L. Mustard and Ryne C. Johnston and Paul Ha-Yeon Cheong},
	title = {Mechanism and Stereocontrol: Enantioselective Addition of Pyrrole to Ketenes Using Planar-Chiral Organocatalysts},
	journal = {Angew. Chem.}
	}